<?xml version="1.0" encoding="UTF-8"?>
<record xmlns="http://www.loc.gov/MARC21/slim" xmlns:xsi="http://www.w3.org/2001/XMLSchema-instance" xsi:schemaLocation="http://www.loc.gov/MARC21/slim http://www.loc.gov/standards/marcxml/schema/MARC21slim.xsd">
<leader>     nam a2200373   4500</leader>
<controlfield tag="001">002805427</controlfield>
<controlfield tag="003">NNU</controlfield>
<controlfield tag="005">19940713181853.0</controlfield>
<controlfield tag="008">870204s1970    iq h     b    001 0 arax</controlfield>
<datafield tag="010" ind1=" " ind2=" ">
<subfield code="a">78962354</subfield>
</datafield>
<datafield tag="020" ind1=" " ind2=" ">
<subfield code="c">0.2ID</subfield>
</datafield>
<datafield tag="035" ind1="9" ind2=" ">
<subfield code="a">NYUb10511933</subfield>
</datafield>
<datafield tag="035" ind1=" " ind2=" ">
<subfield code="a">(CStRLIN)NYUG87-B4127</subfield>
</datafield>
<datafield tag="035" ind1=" " ind2=" ">
<subfield code="a">GLIS005119332</subfield>
</datafield>
<datafield tag="040" ind1=" " ind2=" ">
<subfield code="c">NN</subfield>
<subfield code="d">NN</subfield>
<subfield code="d">NNU</subfield>
</datafield>
<datafield tag="043" ind1=" " ind2=" ">
<subfield code="a">ar-----</subfield>
</datafield>
<datafield tag="050" ind1="0" ind2=" ">
<subfield code="a">DS38.1</subfield>
<subfield code="b">.G45</subfield>
</datafield>
<datafield tag="090" ind1=" " ind2=" ">
<subfield code="a">DS38.1</subfield>
<subfield code="b">.G45</subfield>
<subfield code="i">02/04/87 CT</subfield>
</datafield>
<datafield tag="100" ind1="1" ind2=" ">
<subfield code="a">Ghalābī, Muḥammad Zakarīyā,</subfield>
<subfield code="d">d. 910 or 11?</subfield>
</datafield>
<datafield tag="245" ind1="1" ind2="0">
<subfield code="a">Waqʻat al-Jamal,</subfield>
<subfield code="c">taʼlīf Muḥammad ibn Zakarīyā ibn Dīnār al-Ghalābī al-Baṣrī. Riwāyat Muḥammad ibn Yaḥyá ibn ʻAbd Allāh ibn al-ʻAbbās al-Ṣūlī. Taḥqīq Muḥammad Ḥasan Āl Yāsīn.</subfield>
</datafield>
<datafield tag="250" ind1=" " ind2=" ">
<subfield code="a">al-Ṭabʻah 1.</subfield>
</datafield>
<datafield tag="260" ind1=" " ind2=" ">
<subfield code="a">Baghdād,</subfield>
<subfield code="b">Maṭbaʻat al-Maʻārif,</subfield>
<subfield code="c">1970.</subfield>
</datafield>
<datafield tag="300" ind1=" " ind2=" ">
<subfield code="a">64 p.</subfield>
<subfield code="b">facsims.</subfield>
<subfield code="c">25 cm.</subfield>
</datafield>
<datafield tag="490" ind1="1" ind2=" ">
<subfield code="a">Min nafāʼis makhṭūṭāt Dār al-Kutub al-Ẓāhirīyah fī Dimashq,</subfield>
<subfield code="v">2.</subfield>
</datafield>
<datafield tag="500" ind1=" " ind2=" ">
<subfield code="a">Includes facsimile reproduction of folios 135a-137a of ms. no. 129 (taṣawwuf) in Dār al-Kutub al-Ẓāhirīyah.</subfield>
</datafield>
<datafield tag="504" ind1=" " ind2=" ">
<subfield code="a">Bibliography: p. 63-64.</subfield>
</datafield>
<datafield tag="650" ind1=" " ind2="0">
<subfield code="a">Camel, Battle of the, Iraq, 656.</subfield>
</datafield>
<datafield tag="700" ind1="1" ind2=" ">
<subfield code="a">Āl Yāsīn, Muḥammad Ḥasan.</subfield>
</datafield>
<datafield tag="700" ind1="1" ind2=" ">
<subfield code="a">Ṣūlī, Muḥammad ibn Yaḥyá,</subfield>
<subfield code="d">d. ca. 947.</subfield>
</datafield>
<datafield tag="710" ind1="2" ind2=" ">
<subfield code="a">Dār al-Kutub al-Ẓāhirīyah.</subfield>
<subfield code="k">Manuscript.</subfield>
<subfield code="n">129 taṣawwuf.</subfield>
</datafield>
<datafield tag="830" ind1=" " ind2="0">
<subfield code="a">Min nafāʼis makhṭūṭāt Dār al-Kutub al-Ẓāhirīyah fī Dimashq ;</subfield>
<subfield code="v">2.</subfield>
</datafield>
<datafield tag="OWN" ind1=" " ind2=" ">
<subfield code="a">GENERAL</subfield>
</datafield>
<datafield tag="910" ind1=" " ind2=" ">
<subfield code="a">Relator deleted from field 700-2.</subfield>
</datafield>
<datafield tag="950" ind1=" " ind2=" ">
<subfield code="l">BMAIN</subfield>
<subfield code="i">02/04/87 C</subfield>
</datafield>
<datafield tag="955" ind1=" " ind2=" ">
<subfield code="l">BMAIN</subfield>
<subfield code="c">1</subfield>
<subfield code="r">012244029</subfield>
<subfield code="i">02/04/87 C</subfield>
</datafield>
<datafield tag="998" ind1=" " ind2=" ">
<subfield code="a">02/04/87</subfield>
<subfield code="t">c</subfield>
<subfield code="s">9114</subfield>
<subfield code="n">NNU</subfield>
<subfield code="w">NYPG82B11790</subfield>
<subfield code="d">02/04/87</subfield>
<subfield code="b">DR</subfield>
<subfield code="i">870204</subfield>
<subfield code="l">NYUG</subfield>
</datafield>
<datafield tag="AVA" ind1=" " ind2=" ">
<subfield code="a">NYU50</subfield>
<subfield code="b">BOBST</subfield>
<subfield code="c">Main Collection</subfield>
<subfield code="d">DS38.1 .G45</subfield>
<subfield code="e">unavailable</subfield>
<subfield code="t">Unavailable</subfield>
<subfield code="f">1</subfield>
<subfield code="g">1</subfield>
<subfield code="h">N</subfield>
<subfield code="i">0</subfield>
<subfield code="j">MAIN</subfield>
<subfield code="k">0</subfield>
</datafield>
</record>
